<?xml version="1.0" encoding="UTF-8"?><collection xmlns="http://www.loc.gov/MARC21/slim"><record><leader>00465nam--2200169-i-4500</leader><controlfield tag="001">000031493</controlfield><controlfield tag="002">20161230</controlfield><controlfield tag="005">20170111004538</controlfield><controlfield tag="008">060222s1000------------r-----000-0-eng-d</controlfield><datafield ind1=" " ind2=" " tag="040"><subfield code="a">IFIN-HH</subfield></datafield><datafield ind1=" " ind2=" " tag="080"><subfield code="a">534.231.3:534.83</subfield></datafield><datafield ind1="1" ind2=" " tag="100"><subfield code="a">Ljunggren, Sten</subfield></datafield><datafield ind1="1" ind2="0" tag="245"><subfield code="a">Force and moment impedance of infinite plates</subfield><subfield code="c">Sten Ljunggren</subfield></datafield><datafield ind1=" " ind2=" " tag="260"><subfield code="a">Stockholm</subfield><subfield code="b">Council For Building Research</subfield><subfield code="c">1978</subfield></datafield><datafield ind1=" " ind2=" " tag="300"><subfield code="a">171P</subfield></datafield><datafield ind1=" " ind2=" " tag="852"><subfield code="a">48553</subfield><subfield code="c">534</subfield></datafield><datafield ind1=" " ind2=" " tag="CAT"><subfield code="a">SYS</subfield><subfield code="c">20170111</subfield><subfield code="h">004538</subfield></datafield></record></collection>